@Book{NIST:hndbk:2010,
  ALTauthor = 	 {},
  editor = 	 {Olver, Frank W. J. and Lozier, Daniel W.  and Boisvert, Ronald F. and Clark, Charles W.},
  title = 	 {NIST Handbook of Mathematical Functions},
  publisher = {NIST \& Cambridge University Press},
  year = 	 {2010},
  OPTkey = 	 {},
  pages = 	 {951},
  OPTnumber = 	 {},
  OPTseries = 	 {},
  address = 	 {New York},
  OPTedition = 	 {},
  OPTmonth = 	 {},
  OPTnote = 	 {},
  OPTannote = 	 {},
   isbn ={978-0-521-19225-5},
  language = 	 {english}
}

@Book{Abram:hndbk:1972,
  ALTauthor = 	 {},
  editor =	 {M. Abramowitz and I. A. Stegun},
  title = 	 {Handbook of Mathematical Functions},
  publisher = 	 {Dover},
  year = 	 {1972},
  OPTkey = 	 {},
  OPTvolume = 	 {},
  OPTnumber = 	 {},
  OPTseries = 	 {},
  address =	 {New York},
  OPTedition = 	 {},
  OPTmonth = 	 {},
  OPTnote = 	 {},
  OPTannote = 	 {},
  language = 	 {english}
}

@Book{Szego:bk:1975,
  author =	 {Szeg\"{o}, Gabor},
  ALTeditor = 	 {},
  title = 	 {Orthogonal Polynomials},
  publisher = 	 {American Mathematical Society},
  year = 	 {1975},
  OPTkey = 	 {},
  pages =	 {431},
  OPTvolume =	 {},
  OPTnumber = 	 {},
  OPTseries =	 {},
  address =	 {Providence, Rhode Island},
  edition =	 {4th},
  OPTmonth = 	 {},
  OPTnote = 	 {},
  OPTannote = 	 {},
  language = 	 {english}
}

@Book{Kuznetsov:bk:1998,
  author =	 {Yu. A. Kuznetsov},
  ALTeditor = 	 {},
  title = 	 {Elements of Applied Bifurcation Theory},
  publisher = 	 {Springer},
  year = 	 {1998},
  OPTkey = 	 {},
  pages =	 {592},
  volume =	 {112},
  OPTnumber = 	 {},
  series =	 {Applied Mathematical Sciences},
  address =	 {NY},
  edition =	 {2nd},
  OPTmonth = 	 {},
  OPTnote = 	 {},
  OPTannote = 	 {},
  language = 	 {english}
}

@Book{Iooss:bk:1990,
  author =	 {G. Iooss and D. D. Joseph},
  ALTeditor = 	 {},
  title = 	 {Elementary Stability and Bifurcation Theory},
  publisher = 	 {Springer-Verlag},
  year = 	 {1990},
  OPTkey = 	 {},
  pages =	 {324},
  OPTvolume =	 {},
  OPTnumber = 	 {},
  series =	 {Undergraduate Texts in Mathematics},
  address =	 {NY},
  edition =	 {2nd},
  OPTmonth = 	 {},
  OPTnote = 	 {},
  OPTannote = 	 {},
  language = 	 {english}
}

@Book{Hirsh:bk:1974,
  author =	{Hirsh, Morris W. and Smale, Stephen},
  ALTeditor = 	 {},
  title = 	 {Differential Equations, Dynamical Systems, and
                  Linear Algebra},
  publisher = 	 {Academic Press},
  year = 	 {1974},
  OPTkey = 	 {},
  pages =	 {358},
  OPTvolume =	 {},
  OPTnumber = 	 {},
  series =	 {Pure and Applied Mathematics},
  address =	 {San Diego},
  OPTedition =	 {},
  OPTmonth = 	 {},
  OPTnote = 	 {},
  OPTannote = 	 {},
  language = 	 {english}
}

@Book{Schuster:bk:2005,
  author =	 {Schuster, Heinz Georg and Just, Wolfram},
  ALTeditor = 	 {},
  title = 	 {Deterministic Chaos: An Introduction},
  publisher = 	 {Wiley-VCH},
  year = 	 {2005},
  OPTkey = 	 {},
  pages =	 {287},
  OPTvolume =	 {},
  OPTnumber = 	 {},
  OPTseries =	 {},
  address =	 {Weinheim},
  edition =	 {4th},
  OPTmonth = 	 {},
  OPTnote = 	 {},
  OPTannote = 	 {},
  language = 	 {english}
}

@Book{Hirsh:bk:2004,
  author =	{Hirsh, Morris W. and Smale, Stephen and Devaney,
                  Robert L.},
  ALTeditor = 	 {},
  title = 	 {Differential Equations, Dynamical Systems, and
                  an Introduction to Chaos},
  publisher = 	 {Elsevier Academic Press},
  year = 	 {2004},
  OPTkey = 	 {},
  pages =	 {417},
  volume =	 {60},
  OPTnumber = 	 {},
  series =	 {Pure and Applied Mathematics},
  address =	 {NY},
  OPTedition =	 {},
  OPTmonth = 	 {},
  OPTnote = 	 {},
  OPTannote = 	 {},
  language = 	 {english}
}

@Book{Gucken:bk:1990,
  author =	{John Guckenheimer and Philip Holmes},
  ALTeditor = 	 {},
  title = 	 {Nonlinear oscillations, dynamical systems, and bifurcations of vector fields},
  publisher = 	 {Springer-Verlag},
  year = 	 {1990},
  OPTkey = 	 {},
  pages =	 {459},
  volume =	 {42},
  OPTnumber = 	 {},
  series =	 {Applied Mathematical Sciences},
  address =	 {NY},
  OPTedition =	 {},
  OPTmonth = 	 {},
  OPTnote = 	 {},
  OPTannote = 	 {},
  language = 	 {english}
}

@Book{Arrow:bk:1992,
  author =	 {D. K. Arrowsmith and C. M. Place},
  ALTeditor = 	 {},
  title = 	 {Dynamical Systems. Differential Equations, maps and
  chaotic behaviour},
  publisher = 	 {Chapman \& Hall},
  year = 	 {1992},
  OPTkey = 	 {},
  pages =	 {330},
  OPTvolume =	 {},
  OPTnumber = 	 {},
  OPTseries =	 {},
  address =	 {London},
  OPTedition =	 {},
  OPTmonth = 	 {},
  OPTnote = 	 {},
  OPTannote = 	 {},
  language = 	 {english}
}

@Book{Devaney:bk:1989,
  author =	 {R. L. Devaney},
  ALTeditor = 	 {},
  title = 	 {An Introduction to Chaotic Dynamical Systems},
  publisher = 	 {Addison-Wesley},
  year = 	 {1989},
  OPTkey = 	 {},
  pages =	 {336},
  OPTvolume =	 {},
  OPTnumber = 	 {},
  OPTseries =	 {},
  address =	 {Sydney},
  edition =	 {2nd},
  OPTmonth = 	 {},
  OPTnote = 	 {},
  OPTannote = 	 {},
  language = 	 {english}
}

@Book{Sparrow:bk:1982,
  author =	 {C. Sparrow},
  ALTeditor = 	 {},
  title = 	 {The Lorenz Equations: Bifurcations, Chaos and
  Strange Attractors},
  publisher = 	 {Springer},
  year = 	 {1982},
  OPTkey = 	 {},
  pages =	 {270},
  volume =	 {41},
  OPTnumber = 	 {},
  series =	 {Applied Mathematical Sciences},
  address =	 {NY},
  OPTedition =	 {},
  OPTmonth = 	 {},
  OPTnote = 	 {},
  OPTannote = 	 {},
  language = 	 {english}
}

@Book{Hale:bk:1991,
  author =	 {J. K. Hale and H. Kocak},
  ALTeditor = 	 {},
  title = 	 {Dynamics and Bifurcations},
  publisher = 	 {Springer},
  year = 	 {1991},
  OPTkey = 	 {},
  pages =	 {567},
  volume =	 {3},
  OPTnumber = 	 {},
  series =	 {Texts in Applied Mathematics},
  address =	 {NY},
  OPTedition =	 {},
  OPTmonth = 	 {},
  OPTnote = 	 {},
  OPTannote = 	 {},
  language = 	 {english}
}

@Book{Alligood:bk:1996,
  author =	 {Alligood, Kathleen T. and Sauer, Tim D. and Yorke,
                  James A.},
  ALTeditor = 	 {},
  title = 	 {Chaos: An Introduction to Dynamical Systems},
  publisher = 	 {Springer},
  year = 	 {1996},
  OPTkey = 	 {},
  pages =	 {603},
  OPTvolume =	 {},
  OPTnumber = 	 {},
  series =	 {Textbooks in Mathematical Sciences},
  address =	 {NY},
  OPTedition =	 {},
  OPTmonth = 	 {},
  OPTnote = 	 {},
  OPTannote = 	 {},
  language = 	 {english}
}

@Book{Hoppen:bk:2000,
  author =	 {F. C. Hoppensteadt},
  ALTeditor = 	 {},
  title = 	 {Analysis and Simulation of Chaotic Systems},
  publisher = 	 {Springer},
  year = 	 {2000},
  OPTkey = 	 {},
  pages =	 {315},
  volume =	 {94},
  OPTnumber = 	 {},
  series =	 {Applied Mathematical Sciences},
  address =	 {NY},
  edition =	 {2nd},
  OPTmonth = 	 {},
  OPTnote = 	 {},
  OPTannote = 	 {},
  language = 	 {english}
}

@Book{Anish:bk:2007,
  author =	 {Anishchenko, Vadim S. and Astakhov, Vladimir and
                  Neiman, Alexander and Vadivasova, Tatjana and Schimansky-Geier, Lutz},
  ALTeditor = 	 {},
  title = 	 {Nonlinear Dynamics  of Chaotic and Stochastic
                  Systems: Tutorial and Modern Developments},
  publisher = 	 {Springer},
  year = 	 {2007},
  OPTkey = 	 {},
  pages =	 {446},
  OPTvolume =	 {},
  OPTnumber = 	 {},
  series =	 {Springer Series in Synergetics},
  address =	 {NY},
  edition =	 {2nd},
  OPTmonth = 	 {},
  OPTnote = 	 {},
  OPTannote = 	 {},
  language = 	 {english}
}

@Book{Wiggins:bk:1990,
  author =	 {S. Wiggins},
  ALTeditor = 	 {},
  title = 	 {Introduction to Applied Nonlinear Dynamical Systems
  and Chaos},
  publisher = 	 {Springer},
  year = 	 {1990},
  OPTkey = 	 {},
  pages =	 {672},
  volume =	 {2},
  OPTnumber = 	 {},
  series =	 {Texts in Applied Mathematics},
  address =	 {NY},
  OPTedition =	 {},
  OPTmonth = 	 {},
  OPTnote = 	 {},
  OPTannote = 	 {},
  language = 	 {english}
}

@Book{Shearer:bk:2015,
  author =	 {Shearer, Michael and Levy, Rassel},
  ALTeditor = 	 {},
  title = 	 {Partial Differential Equations:
An Introduction to Theory and Applications},
  publisher = 	 {Princeton University Press},
  year = 	 {2015},
  OPTkey = 	 {},
  pages =	 {300},
  OPTvolume =	 {},
  OPTnumber = 	 {},
  OPTseries =	 {Texts in Applied Mathematics},
  address =	 {New Jersey, USA},
  OPTedition =	 {},
  OPTmonth = 	 {},
  OPTnote = 	 {},
  OPTannote = 	 {},
  language = 	 {english}
}


@Book{Kuchment:bk:1993,
  author =	 {P. Kuchment},
  ALTeditor = 	 {},
  title = 	 {Floquet Theory for Partial Differential Equations},
  publisher = 	 {Birkh\"auser Verlag},
  year = 	 {1993},
  OPTkey = 	 {},
  pages =	 {350},
  volume =	 {60},
  OPTnumber = 	 {},
  series =	 {Operator theory, advances and applications},
  address =	 {Boston},
  OPTedition =	 {},
  OPTmonth = 	 {},
  OPTnote = 	 {},
  OPTannote = 	 {},
  language = 	 {english}
}

@Article{Biscari:cmathp:1997,
  author = 	 {P. Biscari and G. G. Peroli},
  title = 	 {A hierarchy of defects in biaxial nematics},
  journal = 	 {Commun. Math. Phys.},
  year = 	 {1997},
  OPTkey = 	 {},
  volume =	 {186},
  OPTnumber =	 {},
  pages =	 {381--392},
  OPTmonth = 	 {},
  OPTnote = 	 {},
  language = 	 {english},
  OPTannote = 	 {}
}

@Article{Floquet:1883,
  author = 	 {G. Floqu\'{e}t},
  title = 	 {Sur les \'equations differentielles lin\'eares a
  coefficients p\'eriodiques},
  journal = 	 {Ann. Sci. \'Ecole Norm},
  year = 	 {1883},
  OPTkey = 	 {},
  volume =	 {12},
  number =	 {2},
  pages =	 {47--89},
  OPTmonth = 	 {},
  OPTnote = 	 {},
  OPTannote = 	 {},
  language = 	 {english}
}

@Article{Lyapunov:1896,
  author = 	 {A. M. Lyapunov},
  title = 	 {Sur una seria relative a la theorie des equations
                  differentielles lineaires a coefficients periodiques},
  journal = 	 {Comp. Rend.},
  year = 	 {1896},
  OPTkey = 	 {},
  volume =	 {123},
  number =	 {26},
  pages =	 {1248--1252},
  OPTmonth = 	 {},
  OPTnote = 	 {},
  OPTannote = 	 {},
  language = 	 {english}
}

@Book{Bernardo:bk:2008,
  author = 	 {di Bernardo, M. and Budd, C. J. and Champney,
                  A. R. and Kowalczyk, P.},
  ALTeditor = 	 {},
  title = 	 {Piecewise-smooth Dynamical Systems: Theory and Applications},
  publisher = 	 {Springer},
  year = 	 {2008},
  pages =	 {482},
  language = 	 {english},
  OPTkey = 	 {},
  volume =	 {163},
  OPTnumber = 	 {},
  series =	 {Applied Mathematical Sciences},
  address =	 {London},
  OPTedition =	 {},
  OPTmonth = 	 {},
  OPTnote = 	 {},
  OPTannote = 	 {}
}

@Book{Kato:bk:1995,
  author = 	 {Kato, Tosio},
  ALTeditor = 	 {},
  title = 	 {Perturbation Theory for Linear Operators},
  publisher = 	 {Springer},
  year = 	 {1995},
  pages =	 {620},
  language = 	 {english},
  OPTkey = 	 {},
  volume =	 {163},
  OPTnumber = 	 {},
  series =	 {Classics in Mathematics},
  address =	 {Berlin},
  edition =	 {2nd},
  OPTmonth = 	 {},
  OPTnote = 	 {},
  OPTannote = 	 {}
}

@Article{Bernardo:csf:1999,
  author = 	 {di Bernardo, M. and Feigin, M. I. and Hogan,
                  S. J. and Homer, M. E.},
  title = 	 {Local analysis of {$C$}-bifurcations in
                  $n$-dimensional piecewise-smooth dynamical systems},
  journal = 	 {Chaos, Solitons and Fractals},
  year = 	 {1999},
  OPTkey = 	 {},
  volume =	 {10},
  number =	 {11},
  pages =	 {1881--1908},
  OPTmonth = 	 {},
  OPTnote = 	 {},
  language = 	 {english},
  OPTannote = 	 {}
}

@Article{Bernardo:csf:2003,
  author = 	 {Halse, Christofer and Homer, Martin and di Bernardo, Mario},
  title = 	 {C-bifurcations and period-adding in
                  one-dimensional piecewise-smooth maps},
  journal = 	 {Chaos, Solitons and Fractals},
  year = 	 {2003},
  OPTkey = 	 {},
  volume =	 {18},
  OPTnumber =	 {},
  pages =	 {953--976},
  OPTmonth = 	 {},
  OPTnote = 	 {},
  language = 	 {english},
  OPTannote = 	 {}
}

@Article{Hassoun:prl:2004,
  author = 	 {Hassouneh, Munther A. and Abed, Eyad H. and Nusse,
                  Helena E.},
  title = 	 {Robust dangerous border-collision bifurcations in
                  piecewise smooth systems},
  journal = 	 {Phys. Rev. Lett.},
  year = 	 {2004},
  OPTkey = 	 {},
  volume =	 {92},
  number =	 {7},
  pages =	 {070201},
  OPTmonth = 	 {},
  OPTnote = 	 {},
  language = 	 {english},
  OPTannote = 	 {}
}

@Article{Nusse:pre:1994,
  author = 	 {Nusse, Helena E. and Ott, Edward and Yorke, James A.},
  title = 	 {Border-collision bifurcations: {A}n explanation for
                  observed bifurcation phenomena},
  journal = 	 {Phys. Rev. E},
  year = 	 {1994},
  OPTkey = 	 {},
  volume =	 {49},
  number =	 {2},
  pages =	 {1073--1077},
  OPTmonth = 	 {},
  OPTnote = 	 {},
  language = 	 {english},
  OPTannote = 	 {}
}

@Article{Sinha:pre:1998,
  author = 	 {Sinha, Sitabhra and Charkrabarti, Bikas K.},
  title = 	 {Deterministic stochastic resonance in a piecewise
                  linear chaotic map},
  journal = 	 {Phys. Rev. E},
  year = 	 {1998},
  OPTkey = 	 {},
  volume =	 {58},
  number =	 {6},
  pages =	 {8009--80012},
  OPTmonth = 	 {},
  OPTnote = 	 {},
  language = 	 {english},
  OPTannote = 	 {}
}

@Article{Banerjee:pre:1999,
  author = 	 {Banerjee, Soumitro and Gregobi, Celso},
  title = 	 {Border collision bifurcations in two-dimensional
                  piecewise smooth maps},
  journal = 	 {Phys. Rev. E},
  year = 	 {1999},
  OPTkey = 	 {},
  volume =	 {59},
  number =	 {4},
  pages =	 {4052--4061},
  OPTmonth = 	 {},
  OPTnote = 	 {},
  language = 	 {english},
  OPTannote = 	 {}
}

@Article{Avrutin:pre:2004,
  author = 	 {Avrutin, Viktor and Schanz, Michael},
  title = 	 {Border-collision period-doubling scenario},
  journal = 	 {Phys. Rev. E},
  year = 	 {2004},
  OPTkey = 	 {},
  volume =	 {70},
  number =	 {4},
  pages =	 {026222},
  OPTmonth = 	 {},
  OPTnote = 	 {},
  language = 	 {english},
  OPTannote = 	 {}
}

@Article{Chan:ieee:1997,
  author = 	 {Chan, William C. Y.  and Tse, Chi K.},
  title = 	 {Study of bifurcations in current programmed dc/dc
                  boost converters: from quasi-periodicity to period-doubling},
  journal = 	 {IEEE Trans. Curcuits Syst. I},
  year = 	 {1997},
  OPTkey = 	 {},
  volume =	 {44},
  number =	 12},
  pages =	 {1129--1142},
  OPTmonth = 	 {},
  OPTnote = 	 {},
  language = 	 {english},
  OPTannote = 	 {}
}

@Article{Banerjee:ieee:2000,
  author = 	 {Banerjee, Soumitro and Karthik, M. S. and Yuan,
                  Guohui and Yorke, James A.},
  title = 	 {Bifurcations in one-dimensional piecewise smooth
                  maps --- {T}heory and applications in switching circuits},
  journal = 	 {IEEE Trans. Curcuits Syst. I},
  year = 	 {2000},
  OPTkey = 	 {},
  volume =	 {47},
  number =	 {3},
  pages =	 {389--394},
  OPTmonth = 	 {},
  OPTnote = 	 {},
  language = 	 {english},
  OPTannote = 	 {}
}

@Book{Morse:bk1:1953,
  author =	 {Morse, Phillip M. and Feshbach, Herman},
  ALTeditor = 	 {},
  title = 	 {Methods of Theoretical Physics},
  publisher = 	 {McGraw-Hill Company},
  year = 	 {1953},
  pages = 	 {997},
  volume =	 {1},
  OPTnumber = 	 {},
  series =	 {International Series in Pure and Applied Mathematics},
  address =	 {NY},
  OPTedition = 	 {},
  OPTmonth = 	 {},
  OPTnote = 	 {},
  OPTannote = 	 {},
  language = 	 {english}
}

@Book{Morse:bk2:1953,
  author =	 {Morse, Phillip M. and Feshbach, Herman},
  ALTeditor = 	 {},
  title = 	 {Methods of Theoretical Physics},
  publisher = 	 {McGraw-Hill Company},
  year = 	 {1953},
  pages = 	 {1939},
  volume =	 {2},
  OPTnumber = 	 {},
  series =	 {International Series in Pure and Applied Mathematics},
  address =	 {NY},
  OPTedition = 	 {},
  OPTmonth = 	 {},
  OPTnote = 	 {},
  OPTannote = 	 {},
  language = 	 {english}
}

@Article{Heiss:pre:2000,
  author = 	 {W. D. Heiss},
  title = 	 {Repulsion of resonance states and exceptional points},
  journal = 	 {Phys. Rev. E},
  year = 	 {2000},
  OPTkey = 	 {},
  volume =	 {61},
  number =	 {1},
  pages =	 {929--932},
  OPTmonth = 	 {},
  OPTnote = 	 {},
  language = 	 {english},
  OPTannote = 	 {}
}

@Article{Heiss:jpa:1990,
  author = 	 {W. D. Heiss and A. L. Sanino},
  title = 	 {Avoided level crossing and exceptional points},
  journal = 	 {J. Phys. A: Math. Gen.},
  year = 	 {1990},
  OPTkey = 	 {},
  volume =	 {23},
  number =	 {1},
  pages =	 {1167--1178},
  OPTmonth = 	 {},
  OPTnote = 	 {},
  language = 	 {english},
  OPTannote = 	 {}
}

@Article{Uhlmann:repmphys:1986,
  author = 	 {Uhlmann, Armin},
  title = 	 {Parallel transport and ``quantum holonomy'' along
                  density operators},
  journal = 	 {Rep. Math. Phys.},
  year = 	 {1986},
  OPTkey = 	 {},
  volume =	 {24},
  number =	 {2},
  pages =	 {229--932},
  OPTmonth = 	 {},
  OPTnote = 	 {},
  language = 	 {english},
  OPTannote = 	 {}
}


@article{Song:prl:2010,
  author = {Song, Q. H. and Cao, H.},
  title = {Improving Optical Confinement in Nanostructures via
                  External Mode Coupling},
  journal = {Phys. Rev. Lett.},
  volume = {105},
  issue = {5},
  pages = {053902},
  numpages = {4},
  year = {2010},
  month = {Jul},
  publisher = {American Physical Society},
  doi = {10.1103/PhysRevLett.105.053902},
  language = 	 {english},
  url = {http://link.aps.org/doi/10.1103/PhysRevLett.105.053902}
}

@article{Lee:pra:2012,
  author = {Lee, Soo-Young and Ryu, Jung-Wan and Kim, Sang Wook and Chung, Yunchul},
  title = {Geometric phase around multiple exceptional points},
  journal = {Phys. Rev. A},
  volume = {85},
  issue = {6},
  pages = {064103},
  numpages = {4},
  year = {2012},
  month = {Jun},
  publisher = {American Physical Society},
  doi = {10.1103/PhysRevA.85.064103},
  language = 	 {english},
  url = {http://link.aps.org/doi/10.1103/PhysRevA.85.064103}
}

@article{Ming:pra:2014,
  author = {Kang, Ming and Cui, Hai-Xu and Li, Teng-Fei and Chen, Jing
                  and Zhu, Weiren and Premaratne, Malin},
  title = {Unidirectional phase singularity in ultrathin metamaterials
                  at exceptional points},
  journal = {Phys. Rev. A},
  volume = {89},
  issue = {6},
  pages = {065801},
  numpages = {5},
  year = {2014},
  month = {Jun},
  publisher = {American Physical Society},
  doi = {10.1103/PhysRevA.89.065801},
  language = 	 {english},
  url = {http://link.aps.org/doi/10.1103/PhysRevA.89.065801}
}

@article{Yin:nmat:2013,
  author = {Yin, Xiaobo and Zhang, Xiang},
  title = {Unidirectional light propagation at exceptional points},
  journal = {Nat. Mater.},
  volume = {12},
  issue = {3},
  pages = {175--177},
  numpages = {4},
  year = {2013},
  OPTmonth = {},
  publisher = {Nature Publishing Group},
  OPTdoi = {},
  language = 	 {english},
  url = {http://dx.doi.org/10.1038/nmat3576}
}

@article{Lin:prl:2011,
  author = {Lin, Zin and Ramezani, Hamidreza and Eichelkraut, Toni and
                  Kottos, Tsampikos and Cao, Hui and Christodoulides,
                  Demetrios N.},
  title = {Unidirectional Invisibility Induced by {PT}-Symmetric
                  Periodic Structures},
  journal = {Phys. Rev. Lett.},
  volume = {106},
  issue = {21},
  pages = {213901},
  numpages = {4},
  year = {2011},
  month = {May},
  publisher = {American Physical Society},
  doi = {10.1103/PhysRevLett.106.213901},
  language = 	 {english},
  url = {http://link.aps.org/doi/10.1103/PhysRevLett.106.213901}
}

@Book{Brigham:bk:1988,
  author =	 {Brigham, E. Oran},
  ALTeditor = 	 {},
  title = 	 {The Fast Fourier Transform and its Applications},
  publisher = 	 {Prentice Hall},
  year = 	 {1988},
  OPTkey = 	 {},
  pages =	 {448},
  OPTvolume =	 {},
  OPTnumber = 	 {},
  series =	 {Prentice Hall Signal Processing Series},
  address =	 {New Jersey},
  OPTedition =	 {},
  OPTmonth = 	 {},
  OPTnote = 	 {},
  OPTannote = 	 {},
  language = 	 {english}
}

@Book{Poole:bk:2015,
  author =	 {Poole, David},
  ALTeditor = 	 {},
  title = 	 {Linear Algebra: A Modern Introduction},
  publisher = 	 {Cengage Learning},
  year = 	 {2015},
  OPTkey = 	 {},
  pages =	 {619},
  OPTvolume =	 {},
  OPTnumber = 	 {},
  OPTseries =	 {},
  address =	 {Stamford, USA},
  edition =	 {4th},
  OPTmonth = 	 {},
  OPTnote = 	 {},
  OPTannote = 	 {},
  language = 	 {english}
}

@Book{Batanouny:bk:2008,
  author =	 {El-Batanouny, Michael and Wooten, Frederick},
  ALTeditor = 	 {},
  title = 	 {Symmetry and Condensed Matter Physics},
  publisher = 	 {Cambridge University Press},
  year = 	 {2008},
  OPTkey = 	 {},
  pages =	 {922},
  OPTvolume =	 {},
  OPTnumber = 	 {},
  OPTseries =	 {},
  address =	 {Cambridge, UK},
  edition =	 {4th},
  OPTmonth = 	 {},
  OPTnote = 	 {},
  OPTannote = 	 {},
  language = 	 {english}
}

@Book{Wolfram:bk:2018,
  author =	 {Hergert, Wolfram and Geilhufe, R. Matthias},
  ALTeditor = 	 {},
  title = 	 {Group Theory in Solid State Physics and
                  Photonics. Problem Solving with Mathematica}, 
  publisher = 	 {Wiley},
  year = 	 {2018},
  OPTkey = 	 {},
  pages =	 {364},
  OPTvolume =	 {},
  OPTnumber = 	 {},
  OPTseries =	 {},
  address =	 {Weinheim, Germany},
  OPTedition =	 {},
  OPTmonth = 	 {},
  OPTnote = 	 {},
  OPTannote = 	 {},
  language = 	 {english}
}

@Book{Zee:bk:2016,
  author =	 {A. Zee},
  ALTeditor = 	 {},
  title = 	 {Group Theory in a Nutshell for Physicists},
  publisher = 	 {Princetone University Press},
  year = 	 {2016},
  OPTkey = 	 {},
  pages =	 {613},
  OPTvolume =	 {},
  OPTnumber = 	 {},
  OPTseries =	 {},
  address =	 {Woodstock, UK},
  OPTedition =	 {},
  OPTmonth = 	 {},
  OPTnote = 	 {},
  OPTannote = 	 {},
  language = 	 {english}
}

@Book{Ramond:bk:2010,
  author =	 {Ramond, Pierre},
  ALTeditor = 	 {},
  title = 	 {Group Theory. A Physicist’s Survey},
  publisher = 	 {Cambridge University Press},
  year = 	 {2010},
  OPTkey = 	 {},
  pages =	 {310},
  OPTvolume =	 {},
  OPTnumber = 	 {},
  OPTseries =	 {},
  address =	 {Cambridge, UK},
  OPTedition =	 {},
  OPTmonth = 	 {},
  OPTnote = 	 {},
  OPTannote = 	 {},
  language = 	 {english}
}

@Book{Dresselhaus:bk:2008,
  author = 	 {Dresselhaus, Mildred S. and Dresselhaus, Gene and
                  Jorio, Ado},
  ALTeditor = 	 {},
  title = 	 {Group Theory. Application to the Physics of
                  Condensed Matter}, 
  publisher = 	 {Springer},
  year = 	 {2008},
  pages =	 {582},
  language = 	 {english},
  OPTkey = 	 {},
  OPTvolume =	 {},
  OPTnumber = 	 {},
  address =	 {Berlin},
  OPTmonth = 	 {},
  OPTnote = 	 {},
  OPTannote = 	 {}
}

@Book{Wolfram:bk:2014,
  author =	 {Wolfram, Thomas and Ellialtioglu, Sinasi},
  ALTeditor = 	 {},
  title = 	 {Applications of Group Theory to Atoms, Molecules,
                  and Solids}, 
  publisher = 	 {Cambridge University Press},
  year = 	 {2014},
  OPTkey = 	 {},
  pages =	 {471},
  OPTvolume =	 {},
  OPTnumber = 	 {},
  OPTseries =	 {},
  address =	 {Cambridge, UK},
  OPTedition =	 {},
  OPTmonth = 	 {},
  OPTnote = 	 {},
  OPTannote = 	 {},
  language = 	 {english}
}

@Book{Smirnov:bk:2013,
  author =	 {В. П. Смирнов},
  ALTeditor = 	 {},
  title = 	 {Групповые методы в теории атомов, молекул и кристаллов},
  publisher = 	 {СПб НИУ ИТМО},
  year = 	 {2013},
  OPTkey = 	 {},
  pages =	 {67},
  OPTvolume =	 {},
  OPTnumber = 	 {},
  OPTseries =	 {},
  address =	 {Санкт-Петербург, Россия},
  OPTedition =	 {},
  OPTmonth = 	 {},
  OPTnote = 	 {},
  OPTannote = 	 {},
  language = 	 {russian}
}

@Book{Petrashen:bk:2002,
  author =	 {Петрашень, Мария Ивановна and Трифонов, Евгений Дмитриевич},
  ALTeditor = 	 {},
  title = 	 {Применение теории групп в квантовой механике},
  publisher = 	 {Эдиториал УРСС},
  year = 	 {2002},
  OPTkey = 	 {},
  pages =	 {279},
  OPTvolume =	 {},
  OPTnumber = 	 {},
  OPTseries =	 {},
  address =	 {Москва, Россия},
  edition =	 {4е},
  OPTmonth = 	 {},
  OPTnote = 	 {},
  OPTannote = 	 {},
  language = 	 {russian}
}

@Book{Isaev:bk:2018,
  author =	 {А. П. Исаев and В. А. Рубаков},
  ALTeditor = 	 {},
  title = 	 {Теория групп и симметрий. Конечные группы. Группы и
                  алгебры Ли},
  publisher = 	 {URSS},
  year = 	 {2018},
  OPTkey = 	 {},
  pages =	 {504},
  OPTvolume =	 {},
  OPTnumber = 	 {},
  OPTseries =	 {},
  address =	 {Москва, Россия},
  OPTedition =	 {},
  OPTmonth = 	 {},
  OPTnote = 	 {},
  OPTannote = 	 {},
  language = 	 {russian}
}

@Article{Geilhufe:frntphys:2018,
  author={Geilhufe, R. Matthias and Hergert, Wolfram},   	 
title={GTPack: A Mathematica Group Theory Package for Application in
                  Solid-State Physics and Photonics},
journal={Frontiers in Physics},      
year={2018},      
volume={6},      
pages={86},     
doi={10.3389/fphy.2018.00086},      
   language = 	 {english}
}

@Book{Kolmogorov:rbk:2004,
  author =	 {А. Н. Колмогоров and С. В. Фомин},
  ALTeditor = 	 {},
  title = 	 {Элементы теории функций и функционального анализа},
  publisher = 	 {ФИЗМАТЛИТ},
  year = 	 {2004},
  OPTkey = 	 {},
  pages =	 {572},
  OPTvolume =	 {},
  OPTnumber = 	 {},
  series =	 {Классический университетский учебник},
  address =	 {Москва},
  edition =	 {7},
  OPTmonth = 	 {},
  OPTnote = 	 {},
  OPTannote = 	 {},
  language = 	 {russian}
}

@Book{Kelly:rbk:1981,
  author =	 {Келли, Джон Л.},
  ALTeditor = 	 {},
  title = 	 {Общая топология},
  publisher = 	 {Наука},
  year = 	 {1995},
  OPTkey = 	 {},
  pages =	 {432},
  OPTvolume =	 {},
  OPTnumber = 	 {},
  OPTseries =	 {},
  address =	 {Москва},
  edition =	 {2},
  OPTmonth = 	 {},
  OPTnote = 	 {},
  OPTannote = 	 {},
  language = 	 {russian}
}

@Book{Fomenko:rbk:1995,
  author =	 {Ю. Г. Борисович and Н. М. Близняков and
                  Я. А. Израилевич and Т. Н. Фоменко},
  ALTeditor = 	 {},
  title = 	 {Введение в топологию},
  publisher = 	 {Наука. Физматлит},
  year = 	 {1995},
  OPTkey = 	 {},
  pages =	 {416},
  OPTvolume =	 {},
  OPTnumber = 	 {},
  OPTseries =	 {},
  address =	 {Москва},
  edition =	 {2},
  OPTmonth = 	 {},
  OPTnote = 	 {},
  OPTannote = 	 {},
  language = 	 {russian}
}


@Book{Shutz:rbk:1995,
  author =	 {Шутц, Б.},
  ALTeditor = 	 {},
  title = 	 {Геометрические методы математической физики},
  publisher = 	 {Платон},
  year = 	 {1995},
  OPTkey = 	 {},
  pages =	 {303},
  OPTvolume =	 {},
  OPTnumber = 	 {},
  OPTseries =	 {},
  address =	 {Москва},
  edition =	 {2},
  OPTmonth = 	 {},
  OPTnote = 	 {},
  OPTannote = 	 {},
  language = 	 {russian}
}

@Book{Lee:bk:1995,
  author =	 {Lee, Jeffrey M.},
  ALTeditor = 	 {},
  title = 	 {Manifolds and Differential Geometry},
  publisher = 	 {American Mathematical Society},
  year = 	 {1995},
  OPTkey = 	 {},
  pages =	 {671},
  volume =	 {107},
  OPTnumber = 	 {},
  series =	 {Graduate Studies in Mathematics},
  address =	 {Providence, Rhode Island},
  OPTedition =	 {},
  OPTmonth = 	 {},
  OPTnote = 	 {},
  OPTannote = 	 {},
  language = 	 {english}
}

@Book{Isham:bk:1999,
  author =	 {Isham, Chris J.},
  ALTeditor = 	 {},
  title = 	 {Modern Differential Geometry for Physicists},
  publisher = 	 { World Scientific},
  year = 	 {1999},
  OPTkey = 	 {},
  pages =	 {290},
  volume =	 {61},
  OPTnumber = 	 {},
  series =	 {World Scientific Lecture Notes in Physics},
  address =	 {Singapore},
  edition =	 {2},
  OPTmonth = 	 {},
  OPTnote = 	 {},
  OPTannote = 	 {},
  language = 	 {english}
}




